@incollection{norman2006,
author = {Norman, Jerry},
year = {2006},
pages = {233-254},
title= {Common Dialectal Chinese},
booktitle={The Chinese Rime Tables: Linguistic philosophy and historical-comparative phonology},
publisher={John Benjamins Publishing},
editor = {Branner, David},
}



@article{coblin2018a,
author = {Coblin, W. South},
title = {Neo-Hakka, Paleo-Hakka, and Early Southern Highlands Chinese},
journal = {Yǔyán yánjiū jíkān},
volume = {21},
year = {2018},
pages = {175-238},
publisher = {Shànghǎi císhū chūbǎnshè}
}


@book{labov2008,
  title={The atlas of North American English: Phonetics, phonology and sound change},
  author={Labov, William and Ash, Sharon and Boberg, Charles},
  year={2008},
  pages={16-20},
  publisher={Walter de Gruyter}
}


@article{coblin2018b,
author = {Coblin, W. South},
title = {Convergence as a Factor in the Formation of a Controversial Common Mǐn Phonological Configuration (Revised Version)},
journal = {Yǔyán yánjiū jíkān},
volume = {21},
year = {2018},
pages = {79-122},
publisher = {Shànghǎi císhū chūbǎnshè}
}

@book{coblin2005,
author = {Coblin, W. South},
year = {2005},
title = {Comparative Phonology of the Huáng-Xiào Dialects},
publisher = {Institute of Linguistics, Academia Sinica},
series = {Language and Linguistics Monograph Series A13},
}

@incollection{coblin2000,
author = {Coblin, W. South},
year = {2000},
title = {The Phonology of Proto-Central Jiang-Huai: An Exercise in Comparative Reconstruction},
booktitle = {In Memory of Professor Li Fang-Kuei: Essays on Linguistics Change and the Chinese Dialects},
publisher = {Institute of Linguistics, Academia Sinica},
pages = {73-140}
}

@book{yue2005,
author = {Yue-Hashimoto, Anne},
year = {2005},
title = {The Dancun Dialect of Taishan},
publisher = {Language Information Sciences Research Centre, City University of Hong Kong},
}

@book{coblin2015,
author = {Coblin, W. South},
title = {A Study of Comparative Gàn},
year = {2015},
publisher = {Institute of Linguistics, Academia Sinica},
series = {Language and Linguistics Monograph Series 58}
}

@book{coblin2011,
author = {Coblin, W. South},
title = {Comparative Phonology of the Central Xiāng Dialects},
year = {2011},
publisher = {Institute of Linguistics, Academia Sinica},
series = {Language and Linguistics Monograph Series 45}
}

@book{karlgren1954,
year = {1963},
author = {Karlgren, Bernhard},
title = {Compendium of Phonetics in Ancient and Archaic Chinese},
publisher = {Elanders Boktryckeri Aktiebolag},
note = {Reprinted from The Museum of Far Eastern Antiques Stockholm, Bulletin No. 26, 1954}
}

@book{zhanPDzi,
  title={Zhūjiāng sānjiǎozhōu fāngyán zìyīn duìzhào {珠江三角洲方言字音對照}},
  author={family=Zhān, given=Bóhuì, cjk=詹伯慧 and family=Cheung, given=Yat-shing, cjk=張日昇 and others},
  author+an = {1=cjk},
  publisher={Guǎngdōng Rénmīn Chūbǎnshè},
  year={1987}
}

@book{zhanYX,
 title={Yuèxī shí xiànshì Yuè fāngyán diàochá bàogào  {粵西十縣市粵方言調查報告}},
  author={family=Zhān, given=Bóhuì, cjk=詹伯慧 and family=Cheung, given=Yat-shing, cjk=張日昇 and others},
  author+an = {1=cjk},
  publisher={Jìnán Dàxué Chūbǎnshè},
  year={1998}
}

@book{zhanYB,
 title={Yuèběi shí xiànshì Yuè fāngyán diàochá bàogào  {粵北十縣市粵方言調查報告}},
  author={family=Zhān, given=Bóhuì, cjk=詹伯慧 and family=Cheung, given=Yat-shing, cjk=張日昇 and others},
  author+an = {1=cjk},
  publisher={Jìnán Dàxué Chūbǎnshè},
  year={1994}
}

@book{zhanPDci,
  title={Zhūjiāng sānjiǎozhōu fāngyán cīhuì duìzhào {珠江三角洲方言詞彙對照}},
  author={family=Zhān, given=Bóhuì, cjk=詹伯慧 and family=Cheung, given=Yat-shing, cjk=張日昇 and others},
  author+an = {1=cjk},
  publisher={Guǎngdōng Rénmīn Chūbǎnshè},
  year={1987}
}

@article{ohala,
  title={Phonetic explanations for the development of tones},
  author={Ohala, John J and Hombert, Jean-Marie and Ewan, William G},
  journal={Language},
  pages={37--58},
  year={1979},
  publisher={JSTOR}
}

@article{vowelheigh,
  title={The universality of intrinsic F 0 of vowels},
  author={Whalen, Douglas H and Levitt, Andrea G},
  journal={Journal of phonetics},
  volume={23},
  number={3},
  pages={349--366},
  year={1995},
  publisher={Elsevier}
}

@inbook{shengmu,
title={Yuèyīn gòunǐ zhī èr: Shēngmǔ {粵音構擬之二：聲母}},
titleaddon={Reconstructing Yue Chinese Part Two: Initials},
author={Yue-Hashimoto, Anne},
booktitle={Shān gāo shuǐ cháng: Dīng Bāngxīn xiānshēng qīzhìshòuqìng lùnwénjí {山高水長：丁邦新先生七秩壽慶論文集}},
OPTvolumes={1},
pages={75--170},
year={2006},
publisher={Taipei: Institute of Linguistics, Academia Sinica},
OPTeditor = { Ho, Dah-an},
OPTeditora = { Samuel, Cheung},
OPTeditorb = { Pan, Wuyun},
OPTeditorc = { Wu, Fuxiang},
}

@article{wanglits,
  title={Táishān fāngyīn {台山方音}},
  author={family=Wáng, given=Lì, cjk=王力 and family=Qián, given=Sōngshēng, cjk=錢淞生},
  author+an = {1=cjk},
  journal={Lǐngnán xuébào},
  volume={10},
  issue={1},
  pages={67—104},
  year={1950}
}

@article{wanglidg,
  title={Dōngguǎn fāngyīn  {東莞方音}},
  author={family=Wáng, given=Lì, cjk=王力 and family=Qián, given=Sōngshēng, cjk=錢淞生},
  author+an = {1=cjk},
  journal={Lǐngnán xuébào},
  volume={10},
  issue={2},
  pages={119—150},
  year={1949}
}

@article{yueyue,
  title={The Yue dialect},
  author={Yue-Hashimoto, Anne},
  journal={Journal of Chinese Linguistics Monograph Series},
  number={3},
  pages={292--322},
  year={1991},
  publisher={JSTOR}
}

@book{yuephonology,
  title={Phonology of Cantonese},
  author={Yue-Hashimoto, Anne},
  volume={1},
  year={1972},
  publisher={Cambridge University Press}
}

@article{huang,
  title={A Reconstruction of Proto-Yue Vowels},
  author={Huang, Karen},
  publisher={Citeseer},
  year={2009}
}

@book{mccoy,
  title={Szeyap data for a first approximation of Proto-Cantonese},
  author={McCoy, John},
  year={1966},
  publisher={Cornell University}
}

@book{tsuji,
  title={Comparative phonology of Guangxi Yue dialects},
  author={Tsuji, Nobuhisa},
  year={1980},
  publisher={Kazama Shobu Publisng Co.}
}

@article{ballDG,
  title={The Tung-Kwún Dialect},
  author={Ball, J. Dyer},
  year={1890},
  journal={The China Review},
  volume={18},
  issue={5},
  pages={284--299}
}

@article{ballXH,
  title={The San-Wúí Dialect},
  author={Ball, J. Dyer},
  year={1889},
  journal={The China Review},
  volume={18},
  issue={3},
  pages={178--195}
}

@article{ballSDa,
  title={The Shun Tak Dialect},
  author={Ball, J. Dyer},
  year={1900},
  journal={The China Review},
  volume={25},
  issue={2},
  pages={57--69}
}

@article{ballSDb,
  title={The Shun Tak Dialect (cont.)},
  author={Ball, J. Dyer},
  year={1900},
  journal={The China Review},
  volume={25},
  issue={3},
  pages={121--140}
}

@article{saunders,
  title={The Tungkwun Dialect of Cantonese},
  author={Saunders, C.J.},
  journal={The China Review},
  volume={22},
  issue={1},
  year={1896},
  pages={465-476}
}

@article{ballAM,
  title={The Höng Shán or Macao Dialect},
  author={Ball, J. Dyer},
  year={1896},
  journal={The China Review},
  volume={22},
  issue={2},
  pages={501--531}
}

@article{chaoZS,
  title={Zhōngshān fāngyán {中山方言}},
  author={family=Chao, given=Y.R., cjk=趙元任},
  author+an = {1=cjk},
  year={1948},
  journal={Zhōngyāng yánjiūyuàn lìshǐyǔyán yánjiūsuǒ jíkān},
  volume={20},
  pages={49--73}
}

@article{chaoTS,
  title={Táishān yǔliào {臺山語料}},
  author={family=Chao, given=Y.R., cjk=趙元任},
  author+an = {1=cjk},
  year={1948},
  journal={Zhōngyāng yánjiūyuàn lìshǐyǔyán yánjiūsuǒ jíkān},
  volume={23},
  pages={25--76}
}

@article{huangYJ,
  title={Yángjiāng yīnxì {陽江音系}},
  author={family=Huáng, given=Bóróng, cjk=黃伯榮},
  author+an = {1=cjk},
  journal={Ajia-Afurikago no keisū kenkyū},
  volume={26},
  pages={53--74},
  year={1986}
}

@book{YueTX,
  title={The Tengxian Dialect of Chinese},
  subtitle={Its Phonology, Lexicon, and Texts with Grammatical Notes},
  author={Yue-Hashimoto, Anne},
  series={Computational Analysis of Asian and  African Languages Monograph Series},
  volume={3},
  location={Tōkyō},
  publisher={Institute for the Study of Language and Cultures of Asian and Africa},
  year={1979}
}

@book{chenDG,
  title={Dōngguǎn fāngyán shuōlüè {東莞方言說略}},
  author={family=Chén, given=Xiǎojín, cjk=陳曉錦},
  author+an = {1=cjk},
  location={Guǎngzhōu},
  publisher={Guǎngdōng rénmín chūbǎnshè},
  year={1993}
}

@book{pengLunGao,
  title={Yuèyǔ lùngǎo {粵語論稿}},
  author={family=Péng, given=Xiǎochuān, cjk=彭小川},
  author+an = {1=cjk},
  location={Guǎngzhōu},
  publisher={Jìnān dàxué chūbǎnshè},
  year={2005}
}

@book{dengKP,
  title={Kāipíng fāngyán {開平方言}},
  author={family=Dèng, given=Jūn, cjk=鄧均},
  author+an = {1=cjk},
  location={Chángshā},
  publisher={Húnán diànzǐyīnxiàng chūbǎnshè},
  year={2000}
}

@book{zhanDG,
  title={Dōngguǎn fāngyán cídiǎn {東莞方言詞典}},
  author={family=Zhān,given=Bóhuì, cjk=詹伯慧 and family=Chén, given=Xiǎojín, cjk=陳曉錦},
  author+an = {1=cjk},
  location={Nánjīng},
  publisher={Jiāngsū rénmín chūbǎnshè},
  year={1997}
}

@book{morrison,
  title={A Vocabulary of the Canton Dialect},
  author={Morrison, Robert},
  publisher={Ganesha},
  location={London},
  year={1828}
}

@inbook{mccoyClusters,
  title={Modern Suprasegmental Evidence for the Consonant Clusters in Proto-Yue},
  booktitle={Contributions to Sino-Tibetan},
  author={McCoy, John},
  editor={McCoy, John and Light, T.},
  pages={367--374},
  location={Leiden},
  publisher={E.J. Brill},
  year={1986}
}

@inbook{yueMaterials,
 title={Materials for the Diachronic Study of Yue Dialects},
 booktitle={Lè zài qí zhōng: Wáng Shìyuán jiàoshòu qīshí huádàn qìngzhù wénjí {樂在其中： 王士元教授七十華誕慶祝文集}},
 author={Yue-Hashimoto, Anne},
 editor={Shí, Fēng and Shén, Zhōngwěi},
 publisher={Nánkǎi dáxué chūbǎnshè},
 location={Tiānjīn},
 year={2004},
 pages={246—271}
}

@article{yueChaoMaterials,
  author={Yue-Hashimoto, Anne},
  title={The Historic Role of the Late Professor Y.R. Chao's Field Materials},
  journal={Language and Linguistics},
  publisher={Academia Sinica},
  location={Táiwān},
  volume={2},
  issue={1},
  pages={197—228},
  year={2001}
}

@article{YueKeti,
  title={Yuèyǔ yánjiū de dāngqián kètí {粵語研究的當前課題}},
  author={Yue-Hashimoto, Anne},
  journal={Journal of Chinese Linguistics},
  year={1995},
  pages={1--41},
  volume={23},
  issue={1},
}

@article{yueFenQu,
  title={Yuèyǔ fāngyán fēnqū wèntí chūtān {粵語方言分區問題初探}},
  author={Yue-Hashimoto, Anne},
  year={1991},
  journal={Fāngyán},
  location={Běijīng},
  volume={1991},
  issue={3},
  pages={164--181}
}

@article{yueSubclass,
  author={Yue-Hashimoto, Anne},
  title={A Preliminary Investigation into the Subclassification Problem of the Yue Dialects},
  journal={Ajia-Afurikago no keisū kenkyū},
  year={1988},
  volume={30},
  pages={7--42},
  location={Tōkyō}
}

@article{yueShengdiao,
  author={Yue-Hashimoto, Anne},
  title={Yuèyīn gòunǐ zhī yī: shēngdiào {粵音構擬之一：聲調}},
  journal={Zhōngwén xuékān},
  publisher={Chinese University of Hong Kong},
  pages={227--241},
  year={2000},
  issue={2}
}

@article{YueInitials,
  title={Two Features of the Proto-Yueh Initials},
  journal={UNICORN Chinese Linguistics Project and Seminar},
  publisher={Princeton University},
  volume={9},
  pages={20--40},
  year={1972},
  author={Yue-Hashimoto, Anne},
}

@article{YueLiangyue,
  author={Yue-Hashimoto, Anne},
  title={The Liang-Yue Dialect Materials},
  journal={UNICORN Chinese Linguistics Project and Seminar},
  publisher={Princeton University},
  year={1970},
  volume={6},
  pages={35--51}
}

@article{yueHashRedundant,
  title={Phonological Redundancy and Cantonese Vowels},
  journal={Journal of the Linguistics Society of Japan},
  volume={53},
  author={Yue-Hashimoto, Anne and Hashimoto, Mantarō},
  pages={101--111},
  year={1968}
}

@article{yueTai,
  author={Yue-Hashimoto, Anne},
  title={Southern Chinese Dialects — The Tai Connection},
  journal={Ajia-Afurikago no keisū kenkyū},
  Volume={6},
  pages={1--9},
  year={1976}
}

@article{handelAkitani,
  author={family=Akitani, given=Hiroyuki, cjk=秋谷裕幸 and Handel, Zev},
  title={Lìshǐ bǐjiàofǎ hé céngcì fēnxīfǎ {歷史比較法和層次分析法}},
  journal={Yǔyánxué lùncóng},
  pages={277--335},
  year={2012},
  volume={45}
}

@article{chenzm,
  author={family=Chén, given=Zhōngmǐn, cjk=陳忠敏 },
  author+an = {1=cjk},
  title={Yě tán lìshǐ bǐjiàofǎ yǔ lìshǐ céngcì fēnxīfǎ {也談歷史比較法與歷史層次分析法}},
  journal={Yǔyánxué lùncóng},
  pages={35--69},
  year={2013},
  volume={47}
}

@article{handel,
  author={Handel, Zev },
  title={Huíyīng Chén Zhōngmǐn duìyú ``Lìshǐbǐjiàofǎ hé céngcì fēnxīfǎ'' de huíyīng {回應陳忠敏對於《歷史比較法何層次分析法》的回應}},
  journal={Yǔyánxué lùncóng},
  pages={331--339},
  year={2015},
  volume={51}
}

@article{normanMinTones,
  author={Norman, Jerry},
  title={Tonal Development in Min},
  journal={Journal of Chinese Linguistics},
  volume={1},
  issue={2},
  pages={222--238},
  year={1973},
  publisher={Chinese University Press}
}

@book{liWuHua,
author = {family=Lǐ, given=Jiàn, cjk=李健},author+an = {1=cjk},
year = {2014},
title = {Wú Huà yuèyǔ yánjiū {吳化粵語研究}},
series = {Zhānjiāng shīfàndàxué zhōngguó yǔyánxué xuékē xīn shìyě xuéshù wéncóng},
publisher = {Zhōngguó shèhuìkēxué chūbǎnshè},
}

@book{liPingHua,
author = {family=Lǐ, given=Liánjìn, cjk=李連進},
author+an = {1=cjk},
year = {2000},
title = {Pínghuà yīnyùn yánjiū {平話音韻研究}},
publisher = {Guǎngxī rénmín chūbǎnshè},
}

@article{don1882,
author={Don, Alexander},
title={The Llin-nen Variation of Cantonese},
journal={The China Review},
year={1882},
pages={236--247},
volume={11}
}

@article{don1884,
author={Don, Alexander},
title={The Llin-nen Variation of Cantonese (cont.)},
journal={The China Review},
year={1884},
pages={474--481},
volume={12}
}

@online{xxt,
institution={Academia Sinica},
title={Xiǎoxuétáng yuèyǔ zīliàokù},
titleaddon={小學堂粵語資料庫},
date ={2020-01},
url={http://xiaoxue.iis.sinica.edu.tw/yueyu/}
}

% @software{soup,
%     author={Leonard Richardson},
%     title={Beautiful Soup},
%     date={2019-12},
%     version={4.8.2},
%     url=https://pypi.org/project/beautifulsoup4/},
%     note={Python Module}
% }

% @software{requests,
%     author={Kenneth Reitz},
%     title={Requests},
%     date={2020-02},
%     version={2.23},
%     url={https://pypi.org/project/requests/},
%     note={Python Module}
    
% }

% @software{segments,
%     author={Forkel, Robert and Moran, Steven},
%     title={Unicode Standard Tokenization},
%     date={2019-11},
%     version={2.1.3},
%     note={Python Module}
% }

@inbook{osta2005,
    author = {Ostapirat, Weera},
    year = {2005},
    pages = {107--135},
    title= {Kra-Dai and Austronesian},
    titleaddon={Notes on some phonological correspondences and vocabulary distribution},
    publisher = {Routledge},
    booktitle = {The Peopling of East Asia: Putting Together Archaeology, Linguistics and Genetics},
    isbn = {9781134353125},
}

@unpublished{hsiu2016,
    author={Hsiu, Andrew},
    year={2016},
    title = {A Preliminary Reconstruction OF Proto-Pakanic},
    institution = {Payap University},
    note = {unpublished student paper}
}

@article{osta2000,
  title={Proto-Kra},
  author={Weera, Ostapirat},
  journal={Linguistics of the Tibeto-Burman Area, Monograph series},
  volume={23},
  year={2000}
}

@mvbook{yimin,
    author={family=Gě, given=Jiànxióng, cjk=葛劍雄 and family=Cáo, given=Shùjī, cjk=曹樹基 and family=Wú, given=Sōngdì, cjk=吳松弟
    },
    title = {Zhōngguó yímínshǐ {中國移民史}},
    volumes = 6,
    year = {1997},
    publisher = {Fújiàn rénmín chūbǎnshè},
    location = {Fújiàn}
}

@inreference{pinghuacidian,
    author={family=Qín, given=Yuǎnxióng, cjk=覃遠雄 and family=Wěi, given=Shùguān, cjk=韋樹關 and family=Biàn, given=Chénglín, cjk=卞成林},
    author+an = {1=cjk},
    editor={family=Lǐ, given=Róng, cjk=李榮},
    title={Nánníng pínghuà cídiǎn {南寧平話詞典}},
    booktitle={Xiàndài hànyǔ fāngyán dà cídiǎn},
    year={1997},
    publisher={Jiāngsū jiàoyù chūbǎnshè},
    location={Nánjīng}
}

@article{bielensteinpop,
    author={Bielenstein, Hans},
    year={1947},
    title={The Census of China During the Period 2--742A.D.},
    journal={BMFEA},
    volume={19},
    location={Stockholm},
    pages={125--163}
}

@book{maddieson1984,
    author={Maddieson, Ian},
    year={1984},
    title={Patterns of sounds},
    publisher={Cambridge University Press},
    location={Cambridge}
}

@inbook{kg:vocalic,
    author = {Golston, Chris and Kehrein, Wolfgang},
    publisher = {John Wiley \& Sons, Ltd},
    isbn = {9781118555491},
    title = {A Prosodic Theory of Vocalic Contrasts},
    booktitle = {The Segment in Phonetics and Phonology},
    chapter = {4},
    pages = {65-102},
    doi = {10.1002/9781118555491.ch4},
    url = {https://onlinelibrary.wiley.com/doi/abs/10.1002/9781118555491.ch4},
    eprint = {https://onlinelibrary.wiley.com/doi/pdf/10.1002/9781118555491.ch4},
    year = {2015},
    keywords = {contrast, timing, palatalization, velariazation, labialization, secondary articulations, vocalic features, syllable margin, segment, cluster},
    abstract = {Summary Most linguists assume that distinctive features are properties of segments, letter-sized sounds like [b] and [a]. Focusing on rounding, palatalization, and velarization, we challenge that view by showing that palatalization, velariazation, and labialization are properties of onsets, nuclei and codas, not properties of segments. If we are correct, the traditional notion “segment” has a limited and superficial status in the study of human language.}
}

@article{bao:syllable,
    author={family=Bāo, given=Zhìmíng, cjk=包智明},
    author+an = {1=cjk},
    title={The Syllable in Chinese},
    journal={Journal of Chinese Linguistics},
    year={1996},
    volume={24},
    number={2},
    pages={312--354},
    publisher={Chinese University Press}
}

@phdthesis{lin:autoseg,
    author= {Lin, Yen-Hwei},
    title={Autosegmental treatment of segmental processes in Chinese phonology},
    school={The University of Texas at Austin},
    year= 1989
}

@article{light1977,
    author={Light, Timothy},
    title={The Cantonese Final: An Exercise in Indigenous Analysis},
    journal={Journal of Chinese Linguistics},
    year={1977},
    volume={5},
    number=1,
    pages={75--102}
}

@inbook{yip:CV,
    author={Yip, Moira},
    title={Consonant-vowel interaction in Cantonese},
    booktitle={Studies in Chinese Phonology},
    editor={Wang, Jialing and Smith, Norval},
    year={1997},
    pages={251--270},
    publisher={Walter de Gruyter},
    location={New York}
}

@book{duanmu:mandarinphon,
  title={The phonology of standard Chinese},
  author={Duanmu, San},
  year={2007},
  publisher={OUP Oxford}
}

@book{matthewsyip,
  title={Cantonese: A comprehensive grammar},
  author={Matthews, Stephen and Yip, Virginia},
  year={2013},
  publisher={Routledge}
}

@book{bauer2011modern,
  title={Modern cantonese phonology},
  author={Bauer, Robert S and Benedict, Paul K},
  volume={102},
  year={2011},
  publisher={Walter de Gruyter}
}

@inbook{yueCodas,
    author = {Yue-Hashimoto, Anne},
    title={Development of the Stop Endings in the Yue Dialects},
    pages={217--245},
  location = {Táiběi},
  booktitle = {Nánběi shìfēi: Hànyǔ fāngyán de chāyì yǔ biànhuà},
  isbn = {978-957-671-936-3},
  series = {Title in English on p. [4] of cover:Dialect variations in Chinese},
%   shorttitle = {Nanbei shi fei},
%   pagetotal = {iv, 245 p.},
  publisher = {Zhōngyāng yánjiūyuàn yǔyánxué yánjiūsuǒ},
  editor = {Hé, Dà'ān},
  date = {2002},
  keywords = {Chinese, Chinese language, Congresses, dialectology, Dialects, historical phonology, Phonology},
}

@unpublished{coblinESHC,
author = {Coblin, W. South},
title = {Early South Highlands Chinese - A Comparative Historical Study},
note = {Unpublished Manuscript},
% year = {2018}
}

@unpublished{coblinCNH,
author = {Coblin, W. South},
title = {Common Neo-Hakka: A Comparative Reconstruction},
note = {Unpublished Manuscript},
% year = {2018}
}

@unpublished{coblinCHS,
author = {Coblin, W. South},
title = {The Reconstruction of Common Shē and Common Hakka Shē},
note = {Unpublished Manuscript},
% year = {2018}
}

@book{kehrein_aff,
  title = {Phonological Representation and Phonetic Phasing: Affricates and Laryngeals},
  shorttitle = {Phonological Representation and Phonetic Phasing},
  publisher = {De Gruyter},
  author = {Kehrein, Wolfgang},
  date = {2013-02-06},
  langid = {english},
  note = {Publication Title: Phonological Representation and Phonetic Phasing},
  keywords = {affricates, autosegmental, feature geometry, phonology},
}

@article{kehrein_lar,
	title = {A Prosodic Theory of Laryngeal Contrasts},
	volume = {21},
	issn = {0952-6757},
	url = {https://www.jstor.org/stable/4615515},
	abstract = {Current models of laryngeal licensing allow as many laryngeal contrasts within a syllable as there are segments, at least in principle. We show here that natural languages are much more economical in their use of laryngeal contrasts than segmental models would lead us to expect. Specifically, we show that voicing, aspiration and glottalisation occur at most once per onset, nucleus or coda in a given language, and that the order in which they are produced within onset, nucleus and coda is never contrastive. To account for these restrictions, we propose that laryngeal features are properties not of segments, but of the onsets, nuclei and codas that dominate them.},
	pages = {325--357},
	number = {3},
	journaltitle = {Phonology},
	author = {Kehrein, Wolfgang and Golston, Chris},
	urldate = {2020-06-04},
	date = {2004},
	note = {Publisher: Cambridge University Press},
	keywords = {feature geometry, laryngeal, syllable},
	file = {JSTOR Full Text PDF:/Users/johncarlyle/Zotero/storage/RWG8XINW/Kehrein and Golston - 2004 - A Prosodic Theory of Laryngeal Contrasts.pdf:application/pdf}
}

@data{china-a-gis,
author = {G. W. Skinner and Mark Henderson},
publisher = {Harvard Dataverse},
title = {{China-A Dataset, County-Level Units 1990}},
UNF = {UNF:5:Pdx5uRcz7IuT0e8n6nelng==},
year = {2012},
version = {V4},
doi = {10.7910/DVN/BW68TU},
url = {https://doi.org/10.7910/DVN/BW68TU}
}

@data{chgis-county,
author = {Berman, Lex},
publisher = {Harvard Dataverse},
title = {{V6 Time Series County Points}},
year = {2017},
version = {V1},
doi = {10.7910/DVN/Q9VOF5},
url = {https://doi.org/10.7910/DVN/Q9VOF5}
}

@data{chgis-prefecture,
author = {CHGIS},
publisher = {Harvard Dataverse},
title = {{V6 Time Series Prefecture Points}},
year = {2017},
version = {V1},
doi = {10.7910/DVN/WW1PD6},
url = {https://doi.org/10.7910/DVN/WW1PD6}
}

@article{xiong87,
  title={Guǎngdōng fāngyán de fēnqū {廣東方言的分區}},
  author={family=Xióng, given=Zhènghuī, cjk=熊正輝},
  author+an = {1=cjk},
  year={1987},
  journal={Fāngyán},
  issue={3},
  pages={161--165}
}

@article{ting82,
  title={Hànyǔ fāngyán fēnqū de tiáojiàn {漢語方言的分區條件}},
  author={family=Ting, given=Pang-hsin, cjk=丁邦新},
  author+an = {1=cjk},
  year={1982},
  journal={Qīnghuá xuébào},
  volume={14},
  pages={257--273}
}

@article{zhang82,
  title={Guǎngxī nánbù dìqū Zhuàngyǔ zhōng de lǎo jiècí yuán yú Hànyǔ gǔ ``Pínghuà'' kǎo {廣西南部地區中的老借詞源於漢語古“平話”考}},
  author={family=Zhāng, given=Jūnrú, cjk=張均如},
  author+an = {1=cjk},
  year={1982},
  journal={Yǔyán yánjiū},
  issue={1},
  pages={197--219}
}

@article{yang85,
  title={Guǎngxī de hànyǔ fāngyán (gǎo) {廣西的漢語方言（稿）}},
  author={family=Yáng, given=Huàndiǎn, cjk=楊煥典 and family=Liáng, given=Zhènshì, cjk=梁振仕 and family=Lǐ, given=Pǔyīng, cjk=李譜英 and family=Liú, given=Cūnhàn, cjk=劉村漢},
  author+an = {1=cjk},
  year={1985},
  journal={Fāngyán},
  issue={3},
  pages={181--190}
}

@article{wei96,
  title={Shìlùn Pínghuà zài Hànyŭ fāngyán zhōng de dìwèi {試論平話在漢語方言中的地位}},
  author={family=Wéi, given=Shùguān, cjk=韋樹關},
  author+an = {1=cjk},
  year={1996},
  journal={Yǔyán yánjiū},
  issue={2},
  pages={95--101}
}

@article{zhan01,
  title={Guǎngxī ``Pínghuà'' wèntí chúyì {廣西“平話”問題芻議}},
  author={family=Zhān, given=Bóhuì, cjk=詹伯慧},
  author+an = {1=cjk},
  year={2001},
  journal={Yǔyán yánjiū},
  issue={2},
  pages={92--99}
}

@article{wang01,
  title={Pínghuà Xiāngnán tǔhuà hé Yuèběi tŭhuà de guīshǔ {平話、湘南土話粵北土話的歸屬}},
  author={family=Wáng, given=Fútáng, cjk=王福堂},
  author+an = {1=cjk},
  year={2001},
  journal={Fāngyán},
  issue={2},
  pages={107--118}
}

@article{wu01,
  title={Lùn Guìnán Pínghuà de Yuèyŭ xìshǔ {論桂南平話的粵語係屬}},
  author={family=Wǔ, given=Wēi, cjk=伍巍},
  author+an = {1=cjk},
  year={2001},
  journal={Fāngyán},
  issue={2},
  pages={133--141}
}

@article{zhan03,
  title={Guānyú Guǎngxī ``Pínghuà'' de guīshǔ wèntí {關於廣西“平話”的歸屬問題}},
  author={family=Zhān, given=Bóhuì, cjk=詹伯慧 and family=Cuī, given=Shūhuì, cjk=崔淑慧 and family=Liú, given=Xīnzhōng, cjk=劉新中 and family=Yáng, given=Wèi, cjk=楊蔚},
  author+an = {1=cjk},
  year={2003},
  journal={Yǔyán yánjiū},
  issue={3},
  pages={47--52}
}

@phdthesis{xie01,
    author= {family=Xiè, given=Jiànyóu, cjk=謝建猷},
    title={Guǎngxī Pínghuà Yánjiū {廣西平話研究}},
    school={Zhōngguó shèhuìkēxué yuàn},
    year= 2001
}

@article{li05,
  title={Gōulòu piān de fāngyán guīshǔ {勾漏片的方言歸屬}},
  author={family=Lǐ, given=Liánjìn, cjk=李連進},
  author+an = {1=cjk},
  year={2005},
  journal={Mínzú yǔwén},
  issue={1},
  pages={34--41}
}

@article{qin07,
  title={Pínghuà hé tǔhuà {平話和土話}},
  author={family=Qín, given=Yuǎnxióng, cjk=覃遠雄},
  author+an = {1=cjk},
  year={2007},
  journal={Fāngyán},
  issue={2},
  pages={177--189}
}

@inbook{kwok06,
title={Yíduàn wēiguān de Yuèyŭ shĭ: Zhūjiāng sānjiǎozhōu bāzhǒng Yuèyŭ fāngyán de fēnqún {一段微觀的粵語史：珠江三角洲八種粵語的分群}},
author={family=Kwok, given=Bit-chee, cjk=郭必之},
author+an = {1=cjk},
booktitle={Shān gāo shuǐ cháng: Dīng Bāngxīn xiānshēng qīzhìshòuqìng lùnwénjí {山高水長：丁邦新先生七秩壽慶論文集}},
OPTvolumes={1},
pages={701--739},
year={2006},
publisher={Taipei: Institute of Linguistics, Academia Sinica},
OPTeditor = { Ho, Dah-an},
OPTeditora = { Samuel, Cheung},
OPTeditorb = { Pan, Wuyun},
OPTeditorc = { Wu, Fuxiang},
}

@book{norman1988,
  title={Chinese},
  author={Norman, Jerry},
  series={Cambridge Language Surveys},
  year={1988},
  publisher={Cambridge University Press}
}

@mvbook{xieGuangxi,
    title={Guǎngxī Hànyǔ fāngyán yánjiū {廣西漢語方言研究}},
    author= {family=Xiè, given=Jiànyóu, cjk=謝建猷},
    author+an = {1=cjk},
    year={2007},
    publisher={Guǎngxī rénmín chūbǎnshè},
    volumes = {2},
}

@phdthesis{qin00,
    author= {family=Qín, given=Yuǎnxióng, cjk=覃遠雄},
    author+an = {1=cjk},
    title={Guìnán Pínghuà yánjiū {桂南平話研究}},
    school={Jìnán dàxué},
    year= 2000
}

@phdthesis{liang97,
    author= {family=Liáng, given=Jīnróng, cjk=梁金榮},
    author+an = {1=cjk},
    title={Guìnán Pínghuà yǔyīn yánjiū {桂北平話語音研究}},
    school={Jìnán dàxué},
    year= 1997
}

@article{li1973,
  title={Languages and dialects of China},
  author={family=Li, given=Fang-Kuei, cjk=李方桂},
  author+an = {1=cjk},
  journal={Journal of Chinese Linguistics},
  pages={1--13},
  year={1973},
%   origdate={1937},
  volume={1},
}

@book{yuan60,
    title={Hànyǔ fāngyán gàiyào {漢語方言概要}},
    author={family=Yuán, given=Jiāhuá, cjk=袁家驊 and others},
    author+an = {1=cjk},
    publisher={Yǔwén chūbǎnshè},
    location={Běijīng},
    year={1983},
    % origdate={1960}
}

@book{zhan81,
  title={Xiàndài Hànyǔ fāngyán {現代漢語方言}},
  author={family=Zhān, given=Bóhuì, cjk=詹伯慧},
  author+an = {1=cjk},
  year={1981},
  publisher={Húběi rénmín chūbǎnshè}
}

@book{wurm1987,
  title={Language atlas of China},
  author={Wurm, Stephen A and Li, Rong and Baumann, Theo},
  year={1987},
  publisher={Australian Acad. of the Humanities; Longman Group (Far East)}
}

@article{ting96,
    author={family=Ting, given=Pang-hsin, cjk=丁邦新},
    author+an = {1=cjk},
    title={Píng ``Zhōngguó yǔyán dìtújí'' {評《中國語言地圖集》}},
    year={1996},
    journal={Guójì Zhōngguó yǔyánxué pínglùn},
    volume={1}
}

@article{labov1981,
  title={Resolving the Neogrammarian controversy},
  author={Labov, William},
  journal={Language},
  pages={267--308},
  year={1981},
  volume={57}
}

@article{labov1989,
  title={Exact description of the speech community: Short a in Philadelphia},
  author={Labov, William},
  journal={Language change and variation},
  pages={1--57},
  year={1989},
  publisher={Georgetown University Press},
  location={Washington DC}
}

@article{labov2020,
  title={The regularity of regular sound change},
  author={Labov, William},
  journal={Language},
  volume={96},
  number={1},
  pages={42--59},
  year={2020},
  publisher={Linguistic Society of America}
}

@book{labov1994,
  title={Principles of linguistic change: Internal factors},
  author={Labov, William},
  year={1994},
  publisher={Oxford: Basil Blackwell}
}

@article{labov2007,
  title={Transmission and diffusion},
  author={Labov, William},
  journal={Language},
  volume={83},
  number={2},
  pages={344--387},
  year={2007},
  publisher={Linguistic Society of America}
}

@article{chen1975,
  title={Sound change: actuation and implementation},
  author={Chen, Matthew Y. and Wang, William S.Y.},
  journal={Language},
  volume={51},
  pages={255--281},
  year={1975},
  publisher={JSTOR}
}

@book{wang1977,
  title={The lexicon in phonological change},
  author={Wang, William S.Y.},
  year={1977},
  publisher={Mouton},
  location={The Hague}
}

@article{malkiel1962,
  title={Weak phonetic change, spontaneous sound shift, lexical contamination},
  author={Malkiel, Yakov},
  journal={Lingua},
  volume={11},
  pages={263--275},
  year={1962},
  publisher={Elsevier}
}

@article{malkiel1964,
  title={Some diachronic implications of fluid speech communities},
  author={Malkiel, Yakov},
  journal={American anthropologist},
  volume={66},
  number={6},
  pages={177--186},
  year={1964},
}

@book{labov2010,
  title={Principles of linguistic change, volume 3: Cognitive and cultural factors},
  author={Labov, William},
  year={2010},
  publisher={John Wiley \& Sons}
}

@book{ge:renkou,
    author={family=Gě, given=Jiànxióng, cjk=葛劍雄},
    author+an = {1=cjk},
    title={Zhōngguó rénkǒushǐ {中國人口史}},
    volume={1},
    editor={family=Gě, given=Jiànxióng, cjk=葛劍雄},
    year={2002},
    publisher={Fùdàn dàxué chūbǎnshè},
    location={Shànghǎi}
}

@article{coblin2013,
	title = {Jerry Norman: Remembering the Man and his Perspectives on Chinese Linguistic History},
	volume = {41},
	pages = {219--245},
	number = {1},
	journal = {Journal of Chinese Linguistics},
	author = {Coblin, W. South},
	date = {2013},
}

@incollection{norman1991,
	location = {Amsterdam},
	title = {Nasals in Old Southern Chinese},
	pages = {205--259},
	booktitle = {Studies in the Historical Phonology of Asian Languages},
	publisher = {John Benjamins Publishing Company},
	author = {Norman, Jerry},
	editor = {Boltz, William G. and Shapiro, Michael C.},
	date = {1991},
}

@article{norman_initials_1974,
	title = {The initials of Proto-Min},
	pages = {27--36},
	journaltitle = {Journal of Chinese Linguistics},
	author = {Norman, Jerry},
	date = {1974},
	keywords = {min, initials, Proto Min},
}

@book{lary_chinese_2012,
	location = {Lanham},
	title = {Chinese Migrations: The Movement of People, Goods, and Ideas over Four Millennia},
	shorttitle = {Chinese Migrations},
	publisher = {Rowman \& Littlefield Publishers},
	author = {Lary, Diana},
	date = {2012},
}

@inbook{nakanishi2010,
author = {family=Nakanishi, given=Hiroki, cjk=中西裕樹},
    author+an = {1=cjk},
year = {2010},
title = {Lùn Shēhuà de guīshǔ {論畬話的歸屬}},
publisher = {Institute of Linguistics, Academia Sinica},
series = {Journal of Chinese Linguistics Monograph Series},
issue={24},
booktitle={Diachronic Change and Language Contact--Dialect in South China},
editor={Cheung, Hong-nin and Chang, Song Hing}

}

@book{baxter92,
  title={A Handbook of Old Chinese Phonology},
  author={Baxter, William H},
  year={1992},
  publisher={Walter de Gruyter}
}

@book{zhangaiyao,
  title={Guǎngdōng Yuè fāngyán gàiyào {廣東粵方言概要}},
  author={family=Zhān, given=Bóhuì, cjk=詹伯慧 and others},
  author+an = {1=cjk},
  year={2000},
  publisher={Jìnán dàxué chūbǎnshè}
 }
 
@mastersthesis{yangjiang,
    title={Guǎngdōng yángjiānghuà yánjiū {廣東陽江話研究}},
    author={family=Xiǎn, given=Wéntíng, cjk=冼文婷},
    author+an = {1=cjk},
    year={2016},
    school={Guǎngxī dàxué}
} 

@article{nerbonneKleiwegLamsas,
  title={Lexical distance in LAMSAS},
  author={Nerbonne, John and Kleiweg, Peter},
  journal={Computers and the Humanities},
  volume={37},
  number={3},
  pages={339--357},
  year={2003},
  publisher={Springer}
}

@article{nerbonne2003introducing,
  title={Introducing computational techniques in dialectometry},
  author={Nerbonne, John and Kretzschmar, William},
  journal={Computers and the Humanities},
  volume={37},
  number={3},
  pages={245--255},
  year={2003},
  publisher={Springer}
}

@article{valls2012catalan,
  title={Applying the Levenshtein Distance to Catalan dialects: A brief comparison of two dialectometric approaches},
  author={Valls, Esteve and Nerbonne, John and Prokic, Jelena and Wieling, Martijn and Clue, Esteve and Lloret, Maria Rosa},
  journal={Verba: anuario galego de filolox{\'\i}a},
  volume={39},
  year={2012}
}

@inproceedings{nerbonne1997leven,
  title={Measuring dialect distance phonetically},
  author={Nerbonne, John and Heeringa, Wilbert},
  booktitle={Computational Phonology: Third Meeting of the ACL Special Interest Group in Computational Phonology},
  year={1997}
}

@phdthesis{heeringa2004leven,
  title={Measuring dialect pronunciation differences using Levenshtein distance},
  author={Heeringa, Wilbert Jan},
  year={2004},
  school={University Library Groningen][Host]}
}

@article{wieling2011commeasure,
  title={Measuring linguistic variation commensurably},
  author={Wieling, Martijn and Nerbonne, John},
  journal={Dialectologia: revista electr{\`o}nica},
  pages={141--162},
  year={2011}
}

@article{nerbonne2007incoherence,
  title={Toward a dialectological yardstick},
  author={Nerbonne, John and Kleiweg, Peter},
  journal={Journal of Quantitative Linguistics},
  volume={14},
  number={2-3},
  pages={148--166},
  year={2007},
  publisher={Taylor \& Francis}
}

@article{jeszenszky2019japaneselex,
  title={Japanese Lexical Variation Explained by Spatial Contact Patterns},
  author={Jeszenszky, P{\'e}ter and Hikosaka, Yoshinobu and Imamura, Satoshi and Yano, Keiji},
  journal={ISPRS International Journal of Geo-Information},
  volume={8},
  number={9},
  pages={400},
  year={2019},
  publisher={Multidisciplinary Digital Publishing Institute}
}

@incollection{nerbonne2008projecting,
  title={Projecting dialect distances to geography: Bootstrap clustering vs. noisy clustering},
  author={Nerbonne, John and Kleiweg, Peter and Heeringa, Wilbert and Manni, Franz},
  booktitle={Data analysis, machine learning and applications},
  pages={647--654},
  year={2008},
  publisher={Springer}
}

@inproceedings{levenshtein1966,
  title={Binary codes capable of correcting deletions, insertions, and reversals},
  author={Levenshtein, Vladimir I},
  booktitle={Soviet physics doklady},
  volume={10},
  number={8},
  pages={707--710},
  year={1966}
}

@inproceedings{nerbonne1996,
  title={Phonetic distance between Dutch dialects},
  author={Nerbonne, John and Heeringa, Wilbert and Van den Hout, Erik and Van der Kooi, Peter and Otten, Simone and Van de Vis, Willem and others},
  booktitle={CLIN VI: proceedings of the sixth CLIN meeting},
  pages={185--202},
  year={1996}
}

@article{nerbonne1999,
  title={Edit distance and dialect proximity},
  author={Nerbonne, John and Heeringa, Wilbert and Kleiweg, Peter},
  journal={Time Warps, String Edits and Macromolecules: The theory and practice of sequence comparison},
  volume={15},
  year={1999},
  publisher={CSLI Press Stanford}
}

@article{smith1931cie,
  title={The CIE colorimetric standards and their use},
  author={Smith, Thomas and Guild, John},
  journal={Transactions of the optical society},
  volume={33},
  number={3},
  pages={73},
  year={1931},
  publisher={IOP Publishing}
}

@article{kruskal1964nonmetric,
  title={Nonmetric multidimensional scaling: a numerical method},
  author={Kruskal, Joseph B},
  journal={Psychometrika},
  volume={29},
  number={2},
  pages={115--129},
  year={1964},
  publisher={Springer-Verlag}
}

@online{kleiwegHowTo,
  author = {Kleiweg, Peter},
  title = {How to map difference between geographic areas},
  year = 2007,
  url = {http://www.let.rug.nl/~kleiweg/kaarten/Afstanden.html.en#minclust},
  url-date = {2007}
}

@inproceedings{kleiweg2004clustercomp,
  title={Geographic projection of cluster composites},
  author={Kleiweg, Peter and Nerbonne, John and Bosveld, Leonie},
  booktitle={International Conference on Theory and Application of Diagrams},
  pages={392--394},
  year={2004},
  organization={Springer}
}

@online{kleiwegHowToCluster,
  author = {Kleiweg, Peter},
  title = {How to determine the best clustering of an area},
  year = 2007,
  url = {http://www.let.rug.nl/~kleiweg/kaarten/MDS-clusters.html.en},
  url-date = {2007}
}

@online{kleiwegGermany,
  author = {Kleiweg, Peter},
  title = {Tutorial 7, Example: Germany},
  year = 2007,
  url = {http://www.let.rug.nl/~kleiweg/L04/Tutorial/t07.html.en},
  url-date = {2007}
}

@incollection{desousa,
  author = {Hilário DeSousa},
  title={The Pínghuà 平話 Dialects},
  booktitle={Encyclopedia of Chinese language and linguistics},
%   author={Sybesma, Rintje Pieter Eelke and Behr, Wolfgang and Gu, Yueguo and Handel, Zev Joseph and Huang, Cheng-Teh James and Myers, James},
  year={2017},
  publisher={Brill}
}

